% Encoding: UTF-8

@Misc{fahrmeir2003regression,
  author    = {Fahrmeir, L. and Kneib, T. and Lang, S. and Marx, B.},
  title     = {{Regression; Models, Methods and Applications. 2013}},
  year      = {2003},
  publisher = {Berlin, Heidelberg: Springer Berlin Heidelberg},
}

@Comment{jabref-meta: databaseType:bibtex;}
